@article{AnderssonCasadi2019,
  title = {{{CasADi}} \textendash{} {{A}} Software Framework for Nonlinear Optimization and Optimal Control},
  author = {Andersson, Joel A E and Gillis, Joris and Horn, Greg and Rawlings, James B and Diehl, Moritz},
  year = {2019},
  journal = {Mathematical Programming Computation},
  volume = {11},
  number = {1},
  pages = {1--36},
  publisher = {{Springer}},
  doi = {10.1007/s12532-018-0139-4}
}

@misc{bajelaniDataDrivenSafetyFilter2023,
  title = {Data-{{Driven Safety Filter}}: {{An Input-Output Perspective}}},
  shorttitle = {Data-{{Driven Safety Filter}}},
  author = {Bajelani, Mohammad and {van Heusden}, Klaske},
  year = {2023},
  month = aug,
  number = {arXiv:2309.00189},
  eprint = {2309.00189},
  primaryclass = {cs, eess},
  publisher = {{arXiv}},
  urldate = {2023-10-13},
  archiveprefix = {arxiv},
  langid = {english},
  keywords = {Electrical Engineering and Systems Science - Systems and Control}
}

@techreport{bemporadExplicitLinearQuadratic2002,
  title = {The Explicit Linear Quadratic Regulator for Constrained Systems},
  author = {Bemporad, A and Bemporad, Alberto and Morari, Manfred and Dua, Vivek and Pistikopoulos, Efstratios N},
  year = {2002},
  journal = {Automatica},
  volume = {38},
  pages = {3--20},
  keywords = {Constraints,Linear quadratic regulators,Piecewise linear controllers,Predictive control}
}

@article{berberichDataDrivenRobust2021,
  title = {Data-{{Driven Model Predictive Control}} with {{Stability}} and {{Robustness Guarantees}}},
  author = {Berberich, Julian and K{\"o}hler, Johannes and M{\"u}ller, Matthias A. and Allg{\"o}wer, Frank},
  year = {2021},
  month = apr,
  journal = {IEEE Transactions on Automatic Control},
  volume = {66},
  number = {4},
  eprint = {1906.04679},
  pages = {1702--1717},
  publisher = {{Institute of Electrical and Electronics Engineers Inc.}},
  issn = {15582523},
  doi = {10.1109/TAC.2020.3000182},
  archiveprefix = {arxiv},
  keywords = {Data-driven control,predictive control for linear systems,robust control,uncertain systems}
}

@inproceedings{berberichDesignTerminalIngredients2021,
  title = {On the Design of Terminal Ingredients for Data-Driven {{MPC}}},
  booktitle = {{{IFAC-PapersOnLine}}},
  author = {Berberich, Julian and K{\"o}hler, Johannes and M{\"u}ller, Matthias A. and Allg{\"o}wer, Frank},
  year = {2021},
  month = jul,
  volume = {54},
  eprint = {2101.05573},
  pages = {257--263},
  publisher = {{Elsevier B.V.}},
  issn = {24058963},
  doi = {10.1016/j.ifacol.2021.08.554},
  archiveprefix = {arxiv}
}

@article{berberichLinearTrackingMPCData2021,
  title = {Linear Tracking {{MPC}} for Nonlinear Systems {{Part II}}: {{The}} Data-Driven Case},
  author = {Berberich, Julian and K{\"o}hler, Johannes and M{\"u}ller, Matthias A. and Allg{\"o}wer, Frank},
  year = {2021},
  month = may,
  eprint = {2105.08567},
  doi = {10.1109/TAC.2022.3166851},
  archiveprefix = {arxiv}
}

@article{berberichLinearTrackingMPCData2022,
  title = {Linear Tracking {{MPC}} for Nonlinear Systems {{Part II}}: {{The}} Data-Driven Case},
  author = {Berberich, Julian and K{\"o}hler, Johannes and M{\"u}ller, Matthias A. and Allg{\"o}wer, Frank},
  year = {2022},
  journal = {IEEE Transactions on Automatic Control},
  eprint = {2105.08567},
  publisher = {{Institute of Electrical and Electronics Engineers Inc.}},
  issn = {15582523},
  doi = {10.1109/TAC.2022.3166851},
  archiveprefix = {arxiv},
  keywords = {Linear systems,Noise measurement,Nonlinear dynamical systems,Numerical stability,Predictive models,Stability analysis,Trajectory}
}

@article{berberichLinearTrackingMPCModel2022,
  title = {Linear {{Tracking MPC}} for {{Nonlinear Systems}} - {{Part I}}: {{The Model-Based Case}}},
  author = {Berberich, Julian and K{\"o}hler, Johannes and M{\"u}ller, Matthias A. and Allg{\"o}wer, Frank},
  year = {2022},
  month = sep,
  journal = {IEEE Transactions on Automatic Control},
  volume = {67},
  number = {9},
  eprint = {2105.08560},
  pages = {4390--4405},
  publisher = {{Institute of Electrical and Electronics Engineers Inc.}},
  issn = {15582523},
  doi = {10.1109/TAC.2022.3166872},
  archiveprefix = {arxiv},
  keywords = {Nonlinear systems,predictive control for linear systems,time varying systems,tracking}
}

@article{berberichRobustConstraintSatisfaction2020,
  title = {Robust {{Constraint Satisfaction}} in {{Data-Driven MPC}}},
  author = {Berberich, Julian and K{\"o}hler, Johannes and M{\"u}ller, Matthias A. and Allg{\"o}wer, Frank},
  year = {2020},
  month = mar,
  eprint = {2003.06808},
  doi = {10.1109/CDC42340.2020.9303965},
  archiveprefix = {arxiv}
}

@article{berberichStabilityInnerRobust2022arxiv,
  title = {Stability in Data-Driven {{MPC}}: An Inherent Robustness Perspective},
  author = {Berberich, Julian and K{\"o}hler, Johannes and M{\"u}ller, Matthias A. and Allg{\"o}wer, Frank},
  year = {2022},
  month = may,
  eprint = {2205.11859},
  archiveprefix = {arxiv}
}

@inproceedings{berberichStabilityInnerRobust2022IEEE,
  title = {Stability in Data-Driven {{MPC}}: An Inherent Robustness Perspective},
  booktitle = {Proceedings of the {{IEEE Conference}} on {{Decision}} and {{Control}}},
  author = {Berberich, Julian and K{\"o}hler, Johannes and M{\"u}ller, Matthias A. and Allg{\"o}wer, Frank},
  year = {2022},
  volume = {2022-December},
  eprint = {2205.11859},
  pages = {1105--1110},
  publisher = {{Institute of Electrical and Electronics Engineers Inc.}},
  issn = {25762370},
  doi = {10.1109/CDC51059.2022.9993361},
  archiveprefix = {arxiv},
  isbn = {978-1-66546-761-2}
}

@article{carronChronosCRSDesign2022,
  title = {Chronos and {{CRS}}: {{Design}} of a Miniature Car-like Robot and a Software Framework for Single and Multi-Agent Robotics and Control},
  author = {Carron, Andrea and Bodmer, Sabrina and Vogel, Lukas and Zurbr{\"u}gg, Ren{\'e} and Helm, David and Rickenbach, Rahel and Muntwiler, Simon and Sieber, Jerome and Zeilinger, Melanie N.},
  year = {2022},
  month = sep,
  eprint = {2209.12048},
  archiveprefix = {arxiv}
}

@book{chenSubspacePredictiveControl1999,
  title = {Subspace {{Predictive Control}}},
  author = {Chen, Han-Fu. and Cheng, Dai-Zhan. and Zhang, Ji-Feng.},
  year = {1999},
  publisher = {{Pergamon}},
  isbn = {0-08-043248-4}
}

@article{coulsonDataEnabledPredictiveControl2018,
  title = {Data-{{Enabled Predictive Control}}: {{In}} the {{Shallows}} of the {{DeePC}}},
  author = {Coulson, Jeremy and Lygeros, John and D{\"o}rfler, Florian},
  year = {2018},
  month = nov,
  eprint = {1811.05890},
  archiveprefix = {arxiv}
}

@inproceedings{coulsonDataenabledPredictiveControl2019,
  title = {Data-Enabled Predictive Control: {{In}} the Shallows of the Deepc},
  booktitle = {2019 18th {{European Control Conference}}, {{ECC}} 2019},
  author = {Coulson, Jeremy and Lygeros, John and Dorfler, Florian},
  year = {2019},
  month = jun,
  eprint = {1811.05890},
  pages = {307--312},
  publisher = {{Institute of Electrical and Electronics Engineers Inc.}},
  doi = {10.23919/ECC.2019.8795639},
  archiveprefix = {arxiv},
  isbn = {978-3-907144-00-8}
}

@article{depersisFormulasDataDrivenControl2020,
  title = {Formulas for {{Data-Driven Control}}: {{Stabilization}}, {{Optimality}}, and {{Robustness}}},
  author = {De Persis, Claudio and Tesi, Pietro},
  year = {2020},
  month = mar,
  journal = {IEEE Transactions on Automatic Control},
  volume = {65},
  number = {3},
  eprint = {1903.06842},
  pages = {909--924},
  publisher = {{Institute of Electrical and Electronics Engineers Inc.}},
  issn = {15582523},
  doi = {10.1109/TAC.2019.2959924},
  archiveprefix = {arxiv},
  keywords = {Control design,data-driven control,learning systems,linear matrix inequalities,nonlinear control systems,robust control}
}

@article{dorflerBridgingDirectIndirect2023,
  title = {Bridging {{Direct}} and {{Indirect Data-Driven Control Formulations}} via {{Regularizations}} and {{Relaxations}}},
  author = {D{\"o}rfler, Florian and Coulson, Jeremy and Markovsky, Ivan},
  year = {2023},
  month = feb,
  journal = {IEEE Transactions on Automatic Control},
  volume = {68},
  number = {2},
  eprint = {2101.01273},
  pages = {883--897},
  publisher = {{Institute of Electrical and Electronics Engineers Inc.}},
  issn = {15582523},
  doi = {10.1109/TAC.2022.3148374},
  archiveprefix = {arxiv},
  keywords = {Optimal control,Pareto optimization,system identification}
}

@article{elokdaDataQuad2021,
  title = {Data-Enabled Predictive Control for Quadcopters},
  author = {Elokda, Ezzat and Coulson, Jeremy and Beuchat, Paul N. and Lygeros, John and D{\"o}rfler, Florian},
  year = {2021},
  month = dec,
  journal = {International Journal of Robust and Nonlinear Control},
  volume = {31},
  number = {18},
  pages = {8916--8936},
  publisher = {{John Wiley and Sons Ltd}},
  issn = {10991239},
  doi = {10.1002/rnc.5686},
  keywords = {data-driven control,predictive control,quadcopters}
}

@article{favoreelSPCSubspacePredictive1999,
  title = {{{SPC}}: {{Subspace Predictive Control}}},
  shorttitle = {{{SPC}}},
  author = {Favoreel, Wouter and Moor, Bart De and Gevers, Michel},
  year = {1999},
  month = jul,
  journal = {IFAC Proceedings Volumes},
  series = {14th {{IFAC World Congress}} 1999, {{Beijing}}, {{Chia}}, 5-9 {{July}}},
  volume = {32},
  number = {2},
  pages = {4004--4009},
  issn = {1474-6670},
  doi = {10.1016/S1474-6670(17)56683-5},
  urldate = {2023-11-19},
  keywords = {Identification,Linear systems,LQG control method,Predictive control,Subspace methods}
}

@book{fradkovEuropeanControlConference,
  title = {European {{Control Conference}} 2020},
  author = {Fradkov, A. L. (Aleksandr L'vovich) and Peaucelle, Dimitri and {IEEE Control Systems Society} and {International Federation of Automatic Control} and {European Control Association.} and {Institute of Electrical and Electronics Engineers}},
  isbn = {978-3-907144-02-2}
}

@article{garciaModelPredictiveControl1989,
  title = {Model Predictive Control: {{Theory}} and Practice\textemdash{{A}} Survey},
  shorttitle = {Model Predictive Control},
  author = {Garc{\'i}a, Carlos E. and Prett, David M. and Morari, Manfred},
  year = {1989},
  month = may,
  journal = {Automatica},
  volume = {25},
  number = {3},
  pages = {335--348},
  issn = {0005-1098},
  doi = {10.1016/0005-1098(89)90002-2},
  urldate = {2023-11-18},
  keywords = {(constrained control),Computer control,predictive control,process control,quadratic programming}
}

@article{gardner2022sundials,
  title = {Enabling New Flexibility in the {{SUNDIALS}} Suite of Nonlinear and Differential/Algebraic Equation Solvers},
  author = {Gardner, David J and Reynolds, Daniel R and Woodward, Carol S and Balos, Cody J},
  year = {2022},
  journal = {ACM Transactions on Mathematical Software (TOMS)},
  publisher = {{ACM}},
  doi = {10.1145/3539801}
}

@article{huangRobustDataEnabledPredictive2023,
  title = {Robust {{Data-Enabled Predictive Control}}: {{Tractable Formulations}} and {{Performance Guarantees}}},
  author = {Huang, Linbin and Zhen, Jianzhe and Lygeros, John and Dorfler, Florian},
  year = {2023},
  month = may,
  journal = {IEEE Transactions on Automatic Control},
  volume = {68},
  number = {5},
  eprint = {2105.07199},
  pages = {3163--3170},
  publisher = {{Institute of Electrical and Electronics Engineers Inc.}},
  issn = {15582523},
  doi = {10.1109/TAC.2023.3241282},
  archiveprefix = {arxiv},
  keywords = {Data-driven control,predictive control,regularization,robust control,robust optimization}
}

@article{kalmanMathematicalDescriptionLinear1963,
  title = {Mathematical {{Description}} of {{Linear Dynamical Systems}}},
  author = {Kalman, R. E.},
  year = {1963},
  month = jan,
  journal = {Journal of the Society for Industrial and Applied Mathematics Series A Control},
  volume = {1},
  number = {2},
  pages = {152--192},
  issn = {0887-4603},
  doi = {10.1137/0301010},
  urldate = {2023-11-20},
  langid = {english}
}

@incollection{kennethAlternativeDefinitionsDimension2003,
  title = {Alternative {{Definitions}} of {{Dimension}}},
  booktitle = {Fractal {{Geometry}}},
  author = {Kenneth, Falconer},
  year = {2003},
  pages = {39--58},
  publisher = {{John Wiley \& Sons, Ltd}},
  doi = {10.1002/0470013850.ch3},
  urldate = {2023-10-16},
  chapter = {3},
  isbn = {978-0-470-01385-4},
  langid = {english},
  keywords = {box-counting or box dimension,Minkowski dimension or Minkowski\textendash Bouligand dimension,packing measures and dimensions}
}

@incollection{kennethDynamicalSystems2003,
  title = {Dynamical {{Systems}}},
  booktitle = {Fractal {{Geometry}}},
  author = {Kenneth, Falconer},
  year = {2003},
  pages = {186--214},
  publisher = {{John Wiley \& Sons, Ltd}},
  doi = {10.1002/0470013850.ch13},
  urldate = {2023-10-16},
  chapter = {13},
  isbn = {978-0-470-01385-4},
  langid = {english},
  keywords = {dynamical systems,logistic map,repellers and iterated function systems}
}

@incollection{kennethHausdorffMeasureDimension2003,
  title = {Hausdorff {{Measure}} and {{Dimension}}},
  booktitle = {Fractal {{Geometry}}},
  author = {Kenneth, Falconer},
  year = {2003},
  pages = {27--38},
  publisher = {{John Wiley \& Sons, Ltd}},
  doi = {10.1002/0470013850.ch2},
  urldate = {2023-10-16},
  chapter = {2},
  isbn = {978-0-470-01385-4},
  langid = {english},
  keywords = {Hausdorff dimension,H\"older condition of exponent {$\alpha$},properties of Hausdorff measures}
}

@incollection{kennethTechniquesCalculatingDimensions2003,
  title = {Techniques for {{Calculating Dimensions}}},
  booktitle = {Fractal {{Geometry}}},
  author = {Kenneth, Falconer},
  year = {2003},
  pages = {59--75},
  publisher = {{John Wiley \& Sons, Ltd}},
  doi = {10.1002/0470013850.ch4},
  urldate = {2023-10-16},
  chapter = {4},
  isbn = {978-0-470-01385-4},
  langid = {english},
  keywords = {mass distribution principle 4.2,subsets of finite measure,uniform cantor sets}
}

@article{kloppeltNovelConstraintTightening2022,
  title = {A Novel Constraint Tightening Approach for Robust Data-Driven Predictive Control},
  author = {Kl{\"o}ppelt, Christian and Berberich, Julian and Allg{\"o}wer, Frank and M{\"u}ller, Matthias A.},
  year = {2022},
  month = mar,
  eprint = {2203.07055},
  archiveprefix = {arxiv}
}

@article{levineEndtoEndTrainingDeep2016,
  title = {End-to-{{End Training}} of {{Deep Visuomotor Policies}}},
  author = {Levine, Sergey and Finn, Chelsea and Darrell, Trevor and Abbeel, Pieter},
  year = {2016},
  journal = {JOURNAL OF MACHINE LEARNING RESEARCH},
  volume = {17},
  pages = {39},
  publisher = {{Microtome Publ}},
  address = {{Brookline}},
  issn = {1532-4435},
  urldate = {2023-11-18},
  langid = {english},
  keywords = {Neural Networks,NEURAL-NETWORKS,Optimal Control,REINFORCEMENT,Reinforcement Learning,Vision},
  annotation = {Web of Science ID: WOS:000391482200001}
}

@book{LocalWeightedRegression2020,
  title = {Local {{Weighted Regression}} for {{Control}}},
  year = {2020},
  journal = {Encyclopedia of Machine Learning and Data Science},
  publisher = {{Springer US}},
  doi = {10.1007/978-1-4899-7502-7}
}

@article{markovskyBehavioralSystemsTheory2021,
  title = {Behavioral Systems Theory in Data-Driven Analysis, Signal Processing, and Control},
  author = {Markovsky, Ivan and D{\"o}rfler, Florian},
  year = {2021},
  month = jan,
  journal = {Annual Reviews in Control},
  volume = {52},
  pages = {42--64},
  publisher = {{Elsevier Ltd}},
  issn = {13675788},
  doi = {10.1016/j.arcontrol.2021.09.005},
  keywords = {Behavioral systems theory,Data-driven control,Missing data estimation,System identification}
}

@article{markovskyDatadrivenSimulationControl2008,
  title = {Data-Driven Simulation and Control},
  author = {Markovsky, Ivan and Rapisarda, Paolo},
  year = {2008},
  month = dec,
  journal = {International Journal of Control},
  volume = {81},
  number = {12},
  pages = {1946--1959},
  issn = {00207179},
  doi = {10.1080/00207170801942170},
  keywords = {Data-driven control,Linear quadratic tracking,Output matching,Simulation,System identification}
}

@article{martinelliDataDrivenAffine2022,
  title = {Data-{{Driven Optimal Control}} of {{Affine Systems}}: {{A Linear Programming Perspective}}},
  author = {Martinelli, Andrea and Gargiani, Matilde and Draskovic, Marina and Lygeros, John},
  year = {2022},
  journal = {IEEE Control Systems Letters},
  volume = {6},
  eprint = {2203.12044},
  pages = {3092--3097},
  publisher = {{Institute of Electrical and Electronics Engineers Inc.}},
  issn = {24751456},
  doi = {10.1109/LCSYS.2022.3180898},
  archiveprefix = {arxiv},
  keywords = {affine dynamical systems,Approximate dynamic programming,data-driven control}
}

@techreport{mattssonRegularizationDeePC,
  title = {On the Regularization in {{DeePC}} {$\star$}},
  author = {Mattsson, Per and Sch{\"o}n, Thomas B},
  keywords = {Data-driven control,Finite-horizon control,Predictive control,Regularization}
}

@article{meierLocalGaussianRegression2014,
  title = {Local {{Gaussian Regression}}},
  author = {Meier, Franziska and Hennig, Philipp and Schaal, Stefan},
  year = {2014},
  month = feb,
  eprint = {1402.0645},
  archiveprefix = {arxiv}
}

@manual{mosek,
  type = {Manual},
  title = {The {{MOSEK}} Optimization Toolbox for {{MATLAB}} Manual. {{Version}} 10.0.},
  author = {ApS, {\relax MOSEK}},
  year = {2022}
}

@inproceedings{mullerDataDrivenQCR2022,
  title = {Data-{{Driven Predictive Disturbance Observer}} for {{Quasi Continuum Manipulators}}},
  booktitle = {Proceedings of the {{IEEE Conference}} on {{Decision}} and {{Control}}},
  author = {M{\"u}ller, Daniel and Feilhauer, Justinus and Wickert, Jennifer and Berberich, Julian and Allg{\"o}wer, Frank and Sawodny, Oliver},
  year = {2022},
  volume = {2022-December},
  pages = {1816--1822},
  publisher = {{Institute of Electrical and Electronics Engineers Inc.}},
  issn = {25762370},
  doi = {10.1109/CDC51059.2022.9992740},
  isbn = {978-1-66546-761-2}
}

@incollection{saganFractals1994,
  title = {Fractals},
  booktitle = {Space-{{Filling Curves}}},
  author = {Sagan, Hans},
  editor = {Sagan, Hans},
  year = {1994},
  series = {Universitext},
  pages = {145--167},
  publisher = {{Springer}},
  address = {{New York, NY}},
  doi = {10.1007/978-1-4612-0871-6_9},
  urldate = {2023-10-16},
  isbn = {978-1-4612-0871-6},
  langid = {english},
  keywords = {Cauchy Sequence,Hausdorff Dimension,Iterate Function System,Reduction Ratio,Topological Dimension}
}

@incollection{saganIntroduction1994,
  title = {Introduction},
  booktitle = {Space-{{Filling Curves}}},
  author = {Sagan, Hans},
  editor = {Sagan, Hans},
  year = {1994},
  series = {Universitext},
  pages = {1--7},
  publisher = {{Springer}},
  address = {{New York, NY}},
  doi = {10.1007/978-1-4612-0871-6_1},
  urldate = {2023-10-16},
  isbn = {978-1-4612-0871-6},
  langid = {english},
  keywords = {George Cantor,Jordan Curve,Lebesgue Measurable Subset,Outer Measure,Peano Curve}
}

@book{saganSpaceFillingCurves1994,
  title = {Space-{{Filling Curves}}},
  author = {Sagan, Hans},
  year = {1994},
  series = {Universitext},
  publisher = {{Springer}},
  address = {{New York, NY}},
  doi = {10.1007/978-1-4612-0871-6},
  urldate = {2023-10-16},
  isbn = {978-0-387-94265-0 978-1-4612-0871-6},
  keywords = {calculus,Cantor,Finite,Fractal,function,Hilbert curve,Invariant,Peano curve,proof,theorem}
}

@article{soderstromInstrumentalVariableMethods2002,
  title = {Instrumental Variable Methods for System Identification},
  author = {S{\"o}derstr{\"o}m, Torsten and Stoica, Petre},
  year = {2002},
  month = jan,
  journal = {Circuits, Systems and Signal Processing},
  volume = {21},
  number = {1},
  pages = {1--9},
  issn = {1531-5878},
  doi = {10.1007/BF01211647},
  urldate = {2023-11-18},
  langid = {english},
  keywords = {asymptotic distribution,consistency analysis,Least-squares estimation,recursive algorithm}
}

@article{tearlePredictiveSafetyFilterRacing2021,
  title = {A {{Predictive Safety Filter}} for {{Learning-Based Racing Control}}},
  author = {Tearle, Ben and Wabersich, Kim P. and Carron, Andrea and Zeilinger, Melanie N.},
  year = {2021},
  month = oct,
  journal = {IEEE Robotics and Automation Letters},
  volume = {6},
  number = {4},
  eprint = {2102.11907},
  pages = {7635--7642},
  publisher = {{Institute of Electrical and Electronics Engineers Inc.}},
  issn = {23773766},
  doi = {10.1109/LRA.2021.3097073},
  archiveprefix = {arxiv},
  keywords = {machine learning for control,optimization and optimal control,Robot safety}
}

@article{vanwaardeMultiple2020,
  title = {Willems' {{Fundamental Lemma}} for {{State-space Systems}} and Its {{Extension}} to {{Multiple Datasets}}},
  author = {{van Waarde}, Henk J. and De Persis, Claudio and Camlibel, M. Kanat and Tesi, Pietro},
  year = {2020},
  month = feb,
  eprint = {2002.01023},
  archiveprefix = {arxiv}
}

@inproceedings{vanwingerdenInstrumentVar2022,
  title = {Data-Enabled Predictive Control with Instrumental Variables: The Direct Equivalence with Subspace Predictive Control},
  booktitle = {Proceedings of the {{IEEE Conference}} on {{Decision}} and {{Control}}},
  author = {Van Wingerden, Jan Willem and Mulders, Sebastiaan P. and Dinkla, Rogier and Oomen, Tom and Verhaegen, Michel},
  year = {2022},
  volume = {2022-December},
  eprint = {2209.05210},
  pages = {2111--2116},
  publisher = {{Institute of Electrical and Electronics Engineers Inc.}},
  issn = {25762370},
  doi = {10.1109/CDC51059.2022.9992824},
  archiveprefix = {arxiv},
  isbn = {978-1-66546-761-2}
}

@article{vegaorozcoMultifractalPortrayalSwiss2015,
  title = {Multifractal Portrayal of the {{Swiss}} Population},
  author = {Vega Orozco, Carmen Delia and Golay, Jean and Kanevski, Mikhail},
  year = {2015},
  month = mar,
  journal = {Cybergeo: European Journal of Geography},
  publisher = {{CNRS-UMR G\'eographie-cit\'es 8504}},
  issn = {1278-3366},
  doi = {10.4000/cybergeo.26829},
  urldate = {2023-10-30},
  copyright = {https://creativecommons.org/licenses/by/4.0/},
  langid = {english},
  keywords = {box-counting,fractal dimension,geodemographics,multifractal dimension,R\'enyi dimensions,singularity spectrum}
}

@inproceedings{wabersichLinearModelPredictive2018,
  title = {Linear {{Model Predictive Safety Certification}} for {{Learning-Based Control}}},
  booktitle = {2018 {{IEEE Conference}} on {{Decision}} and {{Control}} ({{CDC}})},
  author = {Wabersich, Kim P. and Zeilinger, Melanie N.},
  year = {2018},
  month = dec,
  pages = {7130--7135},
  issn = {2576-2370},
  doi = {10.1109/CDC.2018.8619829},
  urldate = {2023-11-18}
}

@article{wabersichPredictiveSafetyFilter2021a,
  title = {A Predictive Safety Filter for Learning-Based Control of Constrained Nonlinear Dynamical Systems},
  author = {Wabersich, Kim Peter and Zeilinger, Melanie N.},
  year = {2021},
  month = jul,
  journal = {Automatica},
  volume = {129},
  pages = {109597},
  issn = {00051098},
  doi = {10.1016/j.automatica.2021.109597},
  urldate = {2023-10-12},
  langid = {english}
}

@article{wedinPerturbationTheoryPseudoinverses1973,
  title = {Perturbation Theory for Pseudo-Inverses},
  author = {Wedin, Per-{\AA}ke},
  year = {1973},
  month = jun,
  journal = {BIT Numerical Mathematics},
  volume = {13},
  number = {2},
  pages = {217--232},
  issn = {1572-9125},
  doi = {10.1007/BF01933494},
  urldate = {2023-10-17},
  langid = {english},
  keywords = {Acute Case,Computational Mathematic,Perturbation Theory,Sharp Estimate,Similar Condition}
}

@article{willemsNotePersistencyExcitation2005,
  title = {A Note on Persistency of Excitation},
  author = {Willems, Jan C. and Rapisarda, Paolo and Markovsky, Ivan and De Moor, Bart L. M.},
  year = {2005},
  month = apr,
  journal = {Systems \& Control Letters},
  volume = {54},
  number = {4},
  pages = {325--329},
  issn = {0167-6911},
  doi = {10.1016/j.sysconle.2004.09.003},
  urldate = {2023-10-13},
  keywords = {Annihilators,Behavioral systems,dd,Lags,Persistency of excitation,System identification}
}
